@article{Nightingale_2019,
   title={Galaxy structure with strong gravitational lensing: decomposing the internal mass distribution of massive elliptical galaxies},
   ISSN={1365-2966},
   url={http://dx.doi.org/10.1093/mnras/stz2220},
   DOI={10.1093/mnras/stz2220},
   journal={Monthly Notices of the Royal Astronomical Society},
   publisher={Oxford University Press (OUP)},
   author={Nightingale J. W. et al.},
   year={2019},
   month={Aug}
}


@article{Nightingale_2021,
   title={PyAutoLens: Open-Source Strong Gravitational Lensing},
   volume={6},
   ISSN={2475-9066},
   url={http://dx.doi.org/10.21105/joss.02825},
   DOI={10.21105/joss.02825},
   number={58},
   journal={Journal of Open Source Software},
   publisher={The Open Journal},
   author={Nightingale J. W. et al.},
   year={2021},
   month={Feb},
   pages={2825}
}

@article{bolton2008sloan,
  title={The sloan lens ACS survey. V. The full ACS strong-lens sample},
  author={Bolton, Adam S and Burles, Scott and Koopmans, L{\'e}on VE and Treu, Tommaso and Gavazzi, Rapha{\"e}l and Moustakas, Leonidas A and Wayth, Randall and Schlegel, David J},
  journal={The Astrophysical Journal},
  volume={682},
  number={2},
  pages={964},
  year={2008},
  publisher={IOP Publishing}
}
